% This file was created with JabRef 2.9.2.
% Encoding: utf8

@MISC{spring_site,
  title = {Spring Framework [Электронный ресурс]},
  howpublished = {Электронные данные},
  note = {Режим доступа: \url{https://spring.io/}.},
  language = {english},
  owner = {Spring IO Corp.},
  timestamp = {2016.03.05}
}

@MISC{tut_micros,
  title = {Building microservices with Spring Cloud and Netflix OSS [Электронный ресурс]},
  howpublished = {Электронные данные},
  note = {Режим доступа: \url{http://callistaenterprise.se/blogg/teknik/2015/04/10/building-microservices-with-spring-cloud-and-netflix-oss-part-1/}.},
  language = {english},
  owner = {mstyura},
  timestamp = {2015.04.10}
}

@MISC{netflix_oss,
  title = {Netflix Open Source Software Center [Электронный ресурс]},
  howpublished = {Электронные данные},
  note = {Режим доступа: \url{https://netflix.github.io/}.},
  language = {english},
  owner = {netflix corp},
  timestamp = {2016.05.05}
}


@MISC{fullcontact,
  title = {Full Contact Developer [Электронный ресурс]},
  howpublished = {Электронные данные},
  note = {Режим доступа: \url{https://www.fullcontact.com/developer/docs/}.},
  language = {english},
  owner = {fullcontact corp},
  timestamp = {2016.04.25}
}


@MISC{zoho,
  title = {Zoho CRM. Обзор [Электронный ресурс]},
  howpublished = {Электронные данные},
  note = {Режим доступа: \url{https://habrahabr.ru/post/248281/}.},
  language = {english},
  owner = {zoho corp},
  timestamp = {2016.02.15}
}


@MISC{msdyn,
  title = {Что такое Microsoft Dynamics CRM? [Электронный ресурс]},
  howpublished = {Электронные данные},
  note = {Режим доступа: \url{https://www.microsoft.com/ru-ru/dynamics/crm.aspx}.},
  language = {russia},
  owner = {ms corp},
  timestamp = {2016.01.17}
}


@MISC{sugar,
  title = {Что такое Microsoft Dynamics CRM? [Электронный ресурс]},
  howpublished = {Электронные данные},
  note = {Режим доступа: \url{https://www.sugarcrm.com/products/overview}.},
  language = {english},
  owner = {sugar corp},
  timestamp = {2015.11.17}
}



@MISC{hystrix,
  title = {Introducing Hystrix for Resilience Engineering [Электронный ресурс]},
  howpublished = {Электронные данные},
  note = {Режим доступа: \url{http://techblog.netflix.com/2012/11/hystrix.html}.},
  language = {english},
  owner = {Ben Christensen},
  timestamp = {2012.11.11}
}

@MISC{live_agent,
  title = {Live Agent Developer's Guide [Электронный ресурс]},
  howpublished = {Электронные данные},
  note = {Режим доступа: \url{https://resources.docs.salesforce.com/sfdc/pdf/live_agent_dev_guide.pdf/}.},
  language = {english},
  owner = {sf corp},
  timestamp = {2016.02.15}
}

@MISC{spring_cloud,
  title = {Spring Cloud [Электронный ресурс]},
  howpublished = {Электронные данные},
  note = {Режим доступа: \url{http://projects.spring.io/spring-cloud}.},
  language = {english},
  owner = {Spring IO Corp.},
  timestamp = {2016.03.05}
}


@MISC{redis,
  title = {Redis Documentation - Package [Электронный ресурс]},
  howpublished = {Электронные данные},
  note = {Режим доступа: \url{http://redis.io/documentation}.},
  language = {english},
  owner = {mstyura},
  timestamp = {2016.08.11}
}

@MISC{crms,
  title = {Что следует учитывать при выборе CRM системы [Электронный ресурс]},
  howpublished = {Электронные данные},
  note = {Режим доступа: \url{http://www.integros.com.ua/presscenter/detail.php?ID=474&phrase_id=67740#.V0YVWZN96Aw}.},
  language = {english},
  owner = {mstyura},
  timestamp = {2016.03.05}
}


@MISC{cloud_config,
  title = {Spring Cloud Config [Электронный ресурс]},
  howpublished = {Электронные данные},
  note = {Режим доступа: \url{http://cloud.spring.io/spring-cloud-config/}.},
  language = {english},
  owner = {mstyura},
  timestamp = {2015.04.04}
}


@MISC{mongo,
  title = {The MongoDB 2.6 Manual [Электронный ресурс]},
  howpublished = {Электронные данные},
  note = {Режим доступа: \url{https://docs.mongodb.com/v2.6/}.},
  language = {english},
  owner = {mstyura},
  timestamp = {2016.04.04}
}

@MISC{ribbon,
  title = {Announcing Ribbon: Tying the Netflix Mid-Tier Services Together [Электронный ресурс]},
  howpublished = {Электронные данные},
  note = {Режим доступа: \url{http://techblog.netflix.com/2013/01/announcing-ribbon-tying-netflix-mid.html}.},
  language = {english},
  owner = {mstyura},
  timestamp = {2013.01.28}
}

@MISC{eureka,
  title = {Netflix Shares Cloud Load Balancing And Failover Tool: Eureka! [Электронный ресурс]},
  howpublished = {Электронные данные},
  note = {Режим доступа: \url{http://techblog.netflix.com/2012/09/eureka.html}.},
  language = {english},
  owner = {Karthikeyan Ranganathan},
  timestamp = {2012.09.28}
}

@MISC{zuul,
  title = {Announcing Zuul: Edge Service in the Cloud [Электронный ресурс]},
  howpublished = {Электронные данные},
  note = {Режим доступа: \url{http://techblog.netflix.com/2013/06/announcing-zuul-edge-service-in-cloud.html}.},
  language = {english},
  owner = {mstyura},
  timestamp = {2013.05.12}
}



@BOOK{conterfeit_integrated_circuits,
  author = {by Mark(Mohammad) Tehranipoor, Ujjwal Guin, Domenic Forte},
  year = {2015},
  title = {Counterfeit Integrated Circuits- Detection and Avoidance},
  language = {english},
}


@ARTICLE{design_and_verification_report_2013,
  author = {S.Sikand},
  title = {Design and verification report 2013, Design Reuse, Verification Reuse and Dependency Management, IC Manage},
  year = {2013},
  month = {December}
}

@BOOK{trpr_2011_ru,
  title = {Язык программирования Ruby = The Ruby Programming Language},
  year = {2011},
  author = {Д. Флэнаган, Ю. Мацумото},
  pages = {496},
  address = {СПБ},
  language = {russian}
}


@ARTICLE{obfuscation_soc_design,
  author = {Rajat Subhra Chakraborty, Yu Zheng and Swarup Bhunia},
  title = {Obfuscation-Based Secure SoC Design for Protection Against Piracy and Trojan Attacks},
  year = {2009},
  language = {english},
  owner = {mstyura},
}




@BOOK{palicyn_2006,
  title = {Технико-экономическое обоснование дипломных проектов: Метод. пособие
  для студ. всех спец. БГУИР. В 4-х ч. Ч. 4: Проекты программного обеспечения},
  publisher = {БГУИР},
  year = {2006},
  author = {В. А. Палицын},
  pages = {76},
  address = {Минск},
  language = {russian},
  owner = {mstyura},
  timestamp = {2013.03.03}
}



@MISC{belcalendar_2016,
  title = {Календарь праздников на 2016 год для Беларуси [Электронный ресурс]},
  howpublished = {Электронные данные},
  note = {Режим доступа: \url{http://calendar.by/2016/\#bkm}. --- Дата доступа:
  05.03.2016},
  language = {russian},
  owner = {mstyura},
  timestamp = {2016.03.05}
}


@MISC{micro,
  title = {Микросервисы (Microservices) [Электронный ресурс]},
  howpublished = {Электронные данные},
  note = {Режим доступа: \url{https://habrahabr.ru/post/249183/}.},
  language = {english},
  owner = {mstyura},
  timestamp = {2013.07.05}
}

@MISC{ga,
  title = {Google Analytics [Электронный ресурс]},
  howpublished = {Электронные данные},
  note = {Режим доступа: \url{https://www.google.by/intl/ru/analytics/}.},
  language = {english},
  owner = {mstyura},
  timestamp = {2012.03.05}
}

Evgeny
R. Chakraborty, S. Bhunia, RTL hardware IP protection using key-based control and data ﬂow obfuscation, in 23rd International Conference on VLSI Design, 2010. VLSID ’10, Jan 2010, pp. 405–410