% Encoding: utf8

@PHDTHESIS{rpappu_powf,
  author = {R. Pappu},
  title = {Physical One-Way Functions},
  school = {MIT},
  year = {2001}
}

@INPROCEEDINGS{ptuyls_pufs,
  author = {P. Tuyls},
  title = {Grey-box cryptography: Physical unclonable functions},
  booktitle = {3rd European workshop on security abd privacy in ad-hoc and sensor network},
  month = {September},
  year = {2006},
  address = {Hamburg, Germany}
}

@BOOK{ivaniuk_pufs,
  author = {Иванюк А. А.},
  title = {Проектирование цифровых устройств и систем с использованием языка VHDL},
  publisher = {LAP Lambert Academic Publishing},
  pages = {248},
  year = {2014}
}

@BOOK{rmaes_pufs,
  author = {R. Maes},
  title = {Physically Unclonable Functions: Constructions, Properties and Applications},
  publisher = {Springer-Verlag Berlin Heidelberg},
  year = {2013}
}

@MISC{cryptowiki_pufs,
  title = {Физически неклонируемые функции [Электронный ресурс]},
  howpublished = {Электронные данные},
  note = {Режим доступа: http://cryptowiki.net/index.php --- Дата
  доступа: 08.03.2016},
}

% Optional fields: volume/number, series, address, edition, month, note
@BOOK{byte_of_python,
  author = {C. Swaroop},
  title = {A Byte of Python},
  publisher = {-},
  year = {2013}
}

@MISC{wiki_python,
  title = {Python [Электронный ресурс]},
  howpublished = {Электронные данные},
  note = {Режим доступа: https://ru.wikipedia.org/wiki/Python --- Дата
  доступа: 15.03.2016},
}

@BOOK{counterfeit_ics,
  author = {M. Tehranipoor, U. Guin, D. Forte},
  year = {2015},
  title = {Counterfeit Integrated Circuits- Detection and Avoidance},
  language = {english}
}

@BOOK{mcconnell_2005,
  title = {Совершенный код. Мастер"=класс / Пер. с англ.},
  publisher = {Издательско"=торговый дом <<Русская редакция>>},
  year = {2005},
  author = {С. Макконнелл},
  pages = {896},
  address = {СПб.},
  language = {russian},
  owner = {mstyura},
  timestamp = {2013.03.18}
}

@BOOK{ivchenko_vhdl,
  author = {Ивченко В.Г},
  title = {Применение языка VHDL при проектировании специализированных СБИС: Учебное пособие},
  publisher = {ТРТУ},
  year = {1999},
  pages = {80},
  address = {Таганрог}
}

@BOOK{suvorova_vhdl,
  author = {Суворова Е. А., Шейнин Ю. Е.},
  title = {Проектирование цифровых систем на VHDL},
  publisher = {БХВ-Петербург},
  year = {2003},
  pages = {576}
}

@BOOK{palicyn_2006,
  title = {Технико-экономическое обоснование дипломных проектов: Метод. пособие
  для студ. всех спец. БГУИР. В 4-х ч. Ч. 4: Проекты программного обеспечения},
  publisher = {БГУИР},
  year = {2006},
  author = {В. А. Палицын},
  pages = {76},
  address = {Минск}
}

@MISC{belcalendar_2016,
  title = {Календарь праздников на 2016 год для Беларуси [Электронный ресурс]},
  howpublished = {Электронные данные},
  note = {Режим доступа: \url{http://calendar.by/2016/\#bkm}. --- Дата доступа:
  05.03.2016}
}
